
@book{zarchan_fundamentals_2009,
	address = {Reston, Va},
	edition = {3rd ed},
	series = {Progress in astronautics and aeronautics},
	title = {Fundamentals of {Kalman} filtering: a practical approach},
	isbn = {978-1-60086-718-7},
	shorttitle = {Fundamentals of {Kalman} filtering},
	number = {v. 232},
	publisher = {American Institute of Aeronautics and Astronautics},
	author = {Zarchan, Paul and Musoff, Howard},
	collaborator = {American Institute of Aeronautics {and} Astronautics},
	year = {2009},
	note = {OCLC: ocn457170744},
	keywords = {Aeronautics, Control theory, Kalman filtering, Statistical methods},
	file = {KalmanFilteringPracticalApproach.pdf:/Users/sebh/Zotero/storage/LLUDGWAV/KalmanFilteringPracticalApproach.pdf:application/pdf}
}

@article{riisgaard_slam_2003,
	title = {{SLAM} for {Dummies}},
	volume = {22},
	number = {1-127},
	journal = {A Tutorial Approach to Simultaneous Localization and Mapping},
	author = {Riisgaard, Søren and Blas, Morten Rufus},
	year = {2003},
	pages = {126},
	file = {1aslam_blas_repo.pdf:/Users/sebh/Zotero/storage/ZNUUQ5JZ/1aslam_blas_repo.pdf:application/pdf}
}

@book{sjostedt_lidar_2011,
	title = {{LIDAR} {SIGNAL} {PROCESSING} {TECHNIQUES}: {CLUTTER} {SUPPRESSION}, {CLUSTERING} {AND} {TRACKING}},
	shorttitle = {{LIDAR} {SIGNAL} {PROCESSING} {TECHNIQUES}},
	author = {Sjöstedt, Theodor},
	year = {2011},
	file = {LidarProcessingTechnics.pdf:/Users/sebh/Zotero/storage/NIP4C2CE/LidarProcessingTechnics.pdf:application/pdf}
}

@misc{wikipedia_ensilage_2018,
	title = {Ensilage},
	copyright = {Creative Commons Attribution-ShareAlike License},
	url = {https://fr.wikipedia.org/w/index.php?title=Ensilage&oldid=145640864},
	abstract = {L'ensilage est une méthode de conservation du fourrage par voie humide passant par la fermentation lactique anaérobie. En fonction des différentes techniques utilisées, on obtient un fourrage acide dont le pourcentage d'humidité varie de 50 \% à 85 \% environ. En règle générale, plus le taux de matière sèche est élevé, plus l'anaérobiose nécessaire au démarrage de la fermentation lactique est difficile à mettre en œuvre. Il a permis l'industrialisation de l'agriculture et l'élevage dense, hors sol. Il est devenu au XXe siècle un élément essentiel des systèmes de polyculture-élevage.

Il existe plusieurs voies de stockage et de conservation des fourrages :
la voie sèche, dont le résultat est le foin. La conservation est rendue possible par la dessiccation, soit uniquement sous l'action du soleil (séchage naturel), soit complétée par de l'air chaud produit par des brûleurs (séchage en grange) conduisant à un pourcentage d'humidité du fourrage autour de 15 \% qui assure sa stabilité.
Les voies intermédiaires telles que le haylage ou l'enrubannage en balles rondes  qui s'est fortement développé récemment.
la voie humide, dénommée « ensilage », qui s'applique tant aux graminées fourragères qu'au maïs et éventuellement à des sous-produits agro-alimentaires comme la pulpe de betterave, les drêches de brasserie, etc. Elle est cependant difficile à réussir avec certains fourrages comme la luzerne, pauvre en sucres solubles et riche en azote (cf. mauvaises odeurs).},
	language = {fr},
	urldate = {2018-03-08},
	journal = {Wikipédia},
	author = {{Wikipédia}},
	month = feb,
	year = {2018},
	note = {Page Version ID: 145640864},
	file = {Snapshot:/Users/sebh/Zotero/storage/VYW9J4SI/index.html:text/html}
}

@misc{wikipedia_fermentation_2018,
	title = {Fermentation lactique},
	copyright = {Creative Commons Attribution-ShareAlike License},
	url = {https://fr.wikipedia.org/w/index.php?title=Fermentation_lactique&oldid=145614846},
	abstract = {La fermentation lactique, ou lacto-fermentation, est un mode de fermentation (production d'énergie anaérobie) qui, en présence de glucides et de bactéries spécifiques (les ferments lactiques), induit la formation d'acide lactique.
La production d'acide lactique provoque une acidification du milieu, qui permet l'élimination d'autres bactéries, éventuellement pathogènes. Elle est donc utilisée pour la conservation des aliments.
La fermentation lactique produite par des bactéries dans les aliments, est à distinguer de la production anaérobie d'acide lactique par le muscle au cours d'un effort intense (voir Acide lactique\#Effort musculaire et fermentation lactique).},
	language = {fr},
	urldate = {2018-03-08},
	journal = {Wikipédia},
	author = {{Wikipédia}},
	month = feb,
	year = {2018},
	note = {Page Version ID: 145614846},
	file = {Snapshot:/Users/sebh/Zotero/storage/LHEY2K6K/index.html:text/html}
}

@misc{wikipedia_alimentation_2017,
	title = {Alimentation animale},
	copyright = {Creative Commons Attribution-ShareAlike License},
	url = {https://fr.wikipedia.org/w/index.php?title=Alimentation_animale&oldid=142916396},
	abstract = {L'alimentation animale est l'ensemble des conditions d'alimentation faites aux animaux d'élevage.},
	language = {fr},
	urldate = {2018-03-08},
	journal = {Wikipédia},
	author = {{Wikipédia}},
	month = nov,
	year = {2017},
	note = {Page Version ID: 142916396},
	file = {Snapshot:/Users/sebh/Zotero/storage/XBH57UY9/index.html:text/html}
}

@article{cuvelier_lalimentation_2015,
	title = {L’{ALIMENTATION} {DE} {LA} {VACHE} {LAITIERE} {Aliments}, calculs de ration, indicateurs d’évaluation des déséquilibres de la ration et pathologies d’origine},
	journal = {Université de Liège, 105p},
	author = {CUVELIER, Christine and DUFRASNE, Isabelle},
	year = {2015},
	file = {Cuvelier_C_&_Dufrasne_I_Livret_alimentation_des_VL_2_Aliments_et_calculs.pdf:/Users/sebh/Zotero/storage/6CX5JAY7/Cuvelier_C_&_Dufrasne_I_Livret_alimentation_des_VL_2_Aliments_et_calculs.pdf:application/pdf}
}

@misc{trachsler_planifier_nodate,
	title = {Planifier correctement les silos},
	urldate = {2018-03-08},
	author = {Trachsler, Godi},
	file = {06_WBK_2014_Trachsler_F.pdf:/Users/sebh/Zotero/storage/EQCMM6V5/06_WBK_2014_Trachsler_F.pdf:application/pdf}
}

@book{grewal_kalman_2008,
	address = {Hoboken, NJ, USA},
	title = {Kalman {Filtering}},
	isbn = {978-0-470-37781-9 978-0-470-17366-4},
	url = {http://doi.wiley.com/10.1002/9780470377819},
	language = {en},
	urldate = {2018-03-19},
	publisher = {John Wiley \& Sons, Inc.},
	author = {Grewal, Mohinder S. and Andrews, Angus P.},
	month = aug,
	year = {2008},
	doi = {10.1002/9780470377819},
	file = {Grewal et Andrews - 2008 - Kalman Filtering.pdf:/Users/sebh/Zotero/storage/EJ73MCQQ/Grewal et Andrews - 2008 - Kalman Filtering.pdf:application/pdf}
}

@book{bradski_learning_2011,
	address = {Beijing},
	edition = {1. ed., [Nachdr.]},
	series = {Software that sees},
	title = {Learning {OpenCV}: computer vision with the {OpenCV} library},
	isbn = {978-0-596-51613-0},
	shorttitle = {Learning {OpenCV}},
	language = {eng},
	publisher = {O'Reilly},
	author = {Bradski, Gary R. and Kaehler, Adrian},
	year = {2011},
	note = {OCLC: 838472784},
	file = {Bradski et Kaehler - 2011 - Learning OpenCV computer vision with the OpenCV l.pdf:/Users/sebh/Zotero/storage/RSLQFHS6/Bradski et Kaehler - 2011 - Learning OpenCV computer vision with the OpenCV l.pdf:application/pdf}
}

@article{giblin_computational_2001,
	title = {Computational {Geometry}: {Algorithms} and {Applications}},
	volume = {85},
	issn = {00255572},
	shorttitle = {Computational {Geometry}},
	url = {http://www.jstor.org/stable/3620533?origin=crossref},
	doi = {10.2307/3620533},
	number = {502},
	urldate = {2018-03-19},
	journal = {The Mathematical Gazette},
	author = {Giblin, Peter and de Berg, M. and van Kreveld, M. and Overmars, M. and Schwarzkopf, O.},
	month = mar,
	year = {2001},
	pages = {175},
	file = {Giblin et al. - 2001 - Computational Geometry Algorithms and Application.pdf:/Users/sebh/Zotero/storage/ANYNJCI9/Giblin et al. - 2001 - Computational Geometry Algorithms and Application.pdf:application/pdf}
}

@article{bremer_multiple_2012,
	title = {Multiple {Linear} {Regression}},
	author = {Bremer, M},
	year = {2012},
	pages = {19},
	file = {Bremer - 2012 - Multiple Linear Regression.pdf:/Users/sebh/Zotero/storage/PDSEBWXW/Bremer - 2012 - Multiple Linear Regression.pdf:application/pdf}
}

@book{hartley_multiple_2004,
	address = {Cambridge},
	title = {Multiple view geometry in computer vision},
	isbn = {978-0-511-18618-9},
	url = {http://public.eblib.com/choice/publicfullrecord.aspx?p=256634},
	language = {English},
	urldate = {2018-03-21},
	publisher = {Cambridge University Press},
	author = {Hartley, Richard and Zisserman, Andrew},
	year = {2004},
	note = {OCLC: 804793563},
	file = {Hartley et Zisserman - 2004 - Multiple view geometry in computer vision.pdf:/Users/sebh/Zotero/storage/9WCLFI6H/Hartley et Zisserman - 2004 - Multiple view geometry in computer vision.pdf:application/pdf}
}

@book{fraden_handbook_2004,
	address = {New York},
	edition = {3rd ed},
	title = {Handbook of modern sensors: physics, designs, and applications},
	isbn = {978-0-387-00750-2},
	shorttitle = {Handbook of modern sensors},
	language = {en},
	publisher = {Springer},
	author = {Fraden, Jacob},
	year = {2004},
	keywords = {Detectors, Handbooks, manuals, etc, Interface circuits},
	file = {Fraden - 2004 - Handbook of modern sensors physics, designs, and .pdf:/Users/sebh/Zotero/storage/K3EPM794/Fraden - 2004 - Handbook of modern sensors physics, designs, and .pdf:application/pdf}
}

@book{maciejewski_productions_2015,
	title = {Productions fourragères},
	isbn = {978-2-7430-2081-1},
	publisher = {Editions Lavoisier},
	author = {Maciejewski, Jean and Osson, Brunon},
	month = sep,
	year = {2015}
}

@misc{noauthor_48h_nodate,
	title = {48h chrono pour un silo d'ensilage réussi {\textbar} {FIDOCL} {Conseil} {Elevage}},
	url = {http://www.fidocl.fr/content/48h-chrono-pour-un-silo-densilage-reussi},
	urldate = {2018-03-24},
	file = {48h chrono pour un silo d'ensilage réussi | FIDOCL Conseil Elevage:/Users/sebh/Zotero/storage/ZRB4UPFS/48h-chrono-pour-un-silo-densilage-reussi.html:text/html}
}

@book{asch_les_2010,
	edition = {7eme Edition},
	title = {Les {Capteurs} en {Instrumentation} {Industrielle}},
	publisher = {Dunod},
	author = {Asch, Georges},
	year = {2010}
}

@misc{wikipedia_detection_2017,
	title = {Détection},
	copyright = {Creative Commons Attribution-ShareAlike License},
	url = {https://fr.wikipedia.org/w/index.php?title=D%C3%A9tection&oldid=142556258},
	abstract = {Détecteur
La détection d'un objet ou d'un phénomène est sa mise en évidence, généralement à l'aide d'un détecteur.
Un détecteur est un dispositif technique (instrument ou substance) qui change d'état en présence de l'élément ou de la situation pour lequel il a été spécifiquement conçu. Des fonctions supplémentaires peuvent apporter des précisions qualitatives ou quantitatives sur le phénomène observé.
Cet article présente quelques exemples de détection et différents détecteurs, sans toutefois décrire en détail leur fonctionnement qui fait l'objet d'articles plus spécialisés.},
	language = {fr},
	urldate = {2018-03-25},
	journal = {Wikipédia},
	author = {{Wikipédia}},
	month = nov,
	year = {2017},
	note = {Page Version ID: 142556258},
	file = {Snapshot:/Users/sebh/Zotero/storage/J72S7RVP/index.html:text/html}
}

@book{tarantola_inverse_2005,
	title = {Inverse {Problem} {Theory} and {Methods} for {Model} {Parameter} {Estimation}},
	isbn = {978-0-89871-572-9 978-0-89871-792-1},
	url = {http://epubs.siam.org/doi/book/10.1137/1.9780898717921},
	language = {en},
	urldate = {2018-03-27},
	publisher = {Society for Industrial and Applied Mathematics},
	author = {Tarantola, Albert},
	month = jan,
	year = {2005},
	doi = {10.1137/1.9780898717921},
	file = {Tarantola - 2005 - Inverse Problem Theory and Methods for Model Param.pdf:/Users/sebh/Zotero/storage/SKDVGBB6/Tarantola - 2005 - Inverse Problem Theory and Methods for Model Param.pdf:application/pdf}
}

@book{gogu_representation_1997,
	title = {Représentation des déplacements des robots},
	publisher = {HERMES},
	author = {Gogu, Grigore and Coiffet, Philippe and Barraco, André},
	year = {1997}
}

@book{osche_optical_2002,
	title = {Optical {Detection} {Theory} for {Laser} {Application}},
	publisher = {Wiley},
	author = {Osche, Gregory R.},
	year = {2002}
}

@book{nuchter_3d_2009,
	title = {3D {Robotic} {Mapping}: {The} {Simultaneous} {Localization} and {Mapping} {Problem} with {Six} {Degrees} of {Freedom}},
	publisher = {Springer},
	author = {Nüchter, Andréas},
	year = {2009}
}

@book{corke_robotics_2011,
	address = {Berlin},
	series = {Springer tracts in advanced robotics},
	title = {Robotics, vision and control: fundamental algorithms in {MATLAB}},
	isbn = {978-3-642-20143-1 978-3-642-20144-8},
	shorttitle = {Robotics, vision and control},
	language = {en},
	number = {v. 73},
	publisher = {Springer},
	author = {Corke, Peter I.},
	year = {2011},
	note = {OCLC: ocn754988355},
	keywords = {MATLAB, Robotics},
	file = {Corke - 2011 - Robotics, vision and control fundamental algorith.pdf:/Users/sebh/Zotero/storage/INRX5NVM/Corke - 2011 - Robotics, vision and control fundamental algorith.pdf:application/pdf}
}

@book{ma_invitation_2004,
	title = {An {Invitation} to 3-{D} {Vision}: {From} {Images} to {Geometric} {Models}},
	publisher = {Spinger},
	author = {Ma, Yi and Soatto, Stefano and Koseka, Jana and Sastry, S. Shankar},
	year = {2004}
}

@book{mahtani_effective_2016,
	title = {Effective {Robotics} {Programming} with {ROS} - {Third} {Edition}},
	author = {Mahtani, Anil and Martinez Romero, Aaron and Fernandez Perdomo, Enrique and Sanchez, Luis},
	year = {2016}
}